@manual{sample,
  author = {TU Dortmund},
  title = {Das Dulong-Petitsche Gesetz},

}
